@ARTICLE{cite:Hubble,
	author = {{Hubble}, E.},
	title = "{A Relation between Distance and Radial Velocity among Extra-Galactic Nebulae}",
	journal = {Proceedings of the National Academy of Science},
	year = 1929,
	month = mar,
	volume = 15,
	pages = {168-173},
	doi = {10.1073/pnas.15.3.168},
	adsurl = {http://adsabs.harvard.edu/abs/1929PNAS...15..168H},
	adsnote = {Provided by the SAO/NASA Astrophysics Data System}
}



@ARTICLE{cite:Einstein,
	author = {{Einstein}, A.},
	title = "{Die Feldgleichungen der Gravitation}",
	journal = {Sitzungsberichte der K{\"o}niglich Preu{\ss}ischen Akademie der Wissenschaften (Berlin), Seite 844-847.},
	year = 1915,
	adsurl = {http://adsabs.harvard.edu/abs/1915SPAW.......844E},
	adsnote = {Provided by the SAO/NASA Astrophysics Data System}
}



@ARTICLE{cite:Friedmann,
	author = {{Friedmann}, A.},
	title = "{{\"U}ber die Kr{\"u}mmung des Raumes}",
	journal = {Zeitschrift fur Physik},
	year = 1922,
	volume = 10,
	pages = {377-386},
	doi = {10.1007/BF01332580},
	adsurl = {http://adsabs.harvard.edu/abs/1922ZPhy...10..377F},
	adsnote = {Provided by the SAO/NASA Astrophysics Data System}
}


@ARTICLE{cite:Penzias,
	author = {{Penzias}, A. A. and {Wilson}, R. W.},
	title = "{A Measurement of Excess Antenna Temperature at 4080 Mc/s.}",
	journal = {apj},
	keywords = {Microwave Background, Cosmic Background Radiation},
	year = 1965,
	month = jul,
	volume = 142,
	pages = {419-421},
	doi = {10.1086/148307},
	adsurl = {http://adsabs.harvard.edu/abs/1965ApJ...142..419P},
	adsnote = {Provided by the SAO/NASA Astrophysics Data System}
}


@ARTICLE{cite:Guth,
author = {{Guth}, A. H.},
title = "{Inflationary universe: A possible solution to the horizon and flatness problems}",
journal = {prd},
year = 1981,
month = jan,
volume = 23,
pages = {347-356},
doi = {10.1103/PhysRevD.23.347},
adsurl = {http://adsabs.harvard.edu/abs/1981PhRvD..23..347G},
adsnote = {Provided by the SAO/NASA Astrophysics Data System}
}



@ARTICLE{cite:COBE,
author = {{Boggess}, N. W. and {Mather}, J. C. and {Weiss}, R. and {Bennett}, C. L. and {Cheng}, E. S. and {Dwek}, E. and {Gulkis}, S. and {Hauser}, M. G. and {Janssen}, M. A. and {Kelsall}, T. and {Meyer}, S. S. and {Moseley}, S. H. and {Murdock}, T. L. and {Shafer}, R. A. and {Silverberg}, R. F. and {Smoot}, G. F. and {Wilkinson}, D. T. and {Wright}, E. L.},

title = "{The COBE mission - Its design and performance two years after launch}",
journal = {apj},
keywords = {Cosmic Background Explorer Satellite, Infrared Radiation, Microwaves, Relic Radiation, Spaceborne Astronomy, Astronomical Satellites, Radiation Measurement, Satellite Instruments},

year = 1992,
month = oct,
volume = 397,
pages = {420-429},
doi = {10.1086/171797},
adsurl = {http://adsabs.harvard.edu/abs/1992ApJ...397..420B},
adsnote = {Provided by the SAO/NASA Astrophysics Data System}
}



@ARTICLE{cite:DASI,
author = {{Kovac}, J. M. and {Leitch}, E. M. and {Pryke}, C. and {Carlstrom}, J. E. and {Halverson}, N. W. and {Holzapfel}, W. L.},
title = "{Detection of polarization in the cosmic microwave background using DASI}",
journal = {nat},
eprint = {astro-ph/0209478},
year = 2002,
month = dec,
volume = 420,
pages = {772-787},
doi = {10.1038/nature01269},
adsurl = {http://adsabs.harvard.edu/abs/2002Natur.420..772K},
adsnote = {Provided by the SAO/NASA Astrophysics Data System}
}

@ARTICLE{cite:Kamionkowski,
author = {{Kamionkowski}, M. and {Kosowsky}, A. and {Stebbins}, A.},
title = "{A Probe of Primordial Gravity Waves and Vorticity}",
journal = {Physical Review Letters},
eprint = {astro-ph/9609132},
year = 1997,
month = mar,
volume = 78,
pages = {2058-2061},
doi = {10.1103/PhysRevLett.78.2058},
adsurl = {http://adsabs.harvard.edu/abs/1997PhRvL..78.2058K},
adsnote = {Provided by the SAO/NASA Astrophysics Data System}
}

@ARTICLE{cite:Bond,
author = {{Bond}, J.~R. and {Efstathiou}, G.},
title = "{Cosmic background radiation anisotropies in universes dominated by nonbaryonic dark matter}",
journal = {apjl},
keywords = {Background Radiation, Big Bang Cosmology, Dark Matter, Elementary Particle Interactions, Galactic Evolution, Mass To Light Ratios, Relic Radiation, Anisotropy, Brightness Temperature, Galactic Clusters, Linear Polarization, Mass Distribution, Neutrinos},
year = 1984,
month = oct,
volume = 285,
pages = {L45-L48},
doi = {10.1086/184362},
adsurl = {http://adsabs.harvard.edu/abs/1984ApJ...285L..45B},
adsnote = {Provided by the SAO/NASA Astrophysics Data System}
}

@ARTICLE{cite:Polnarev,
author = {{Polnarev}, A.~G.},
title = "{Polarization and anisotropy induced in the microwave background by cosmological gravitational waves}",
journal = {azh},
keywords = {Anisotropy, Background Radiation, Cosmic Rays, Gravitational Waves, Polarized Electromagnetic Radiation, Approximation, Computational Astrophysics, Cosmology, Microwaves, Propagation Velocity, Radiative Transfer, Recombination Reactions, Transverse Waves, Wave Propagation},
year = 1985,
month = dec,
volume = 62,
pages = {1041-1052},
adsurl = {http://adsabs.harvard.edu/abs/1985AZh....62.1041P},
adsnote = {Provided by the SAO/NASA Astrophysics Data System}
}


@ARTICLE{cite:BK1,
author = {{BICEP2 Collaboration} and {Ade}, P.~A.~R. and {Aikin}, R.~W. and 
{Barkats}, D. and {Benton}, S.~J. and {Bischoff}, C.~A. and 
{Bock}, J.~J. and {Brevik}, J.~A. and {Buder}, I. and {Bullock}, E. and 
{Dowell}, C.~D. and {Duband}, L. and {Filippini}, J.~P. and 
{Fliescher}, S. and {Golwala}, S.~R. and {Halpern}, M. and {Hasselfield}, M. and 
{Hildebrandt}, S.~R. and {Hilton}, G.~C. and {Hristov}, V.~V. and 
{Irwin}, K.~D. and {Karkare}, K.~S. and {Kaufman}, J.~P. and 
{Keating}, B.~G. and {Kernasovskiy}, S.~A. and {Kovac}, J.~M. and 
{Kuo}, C.~L. and {Leitch}, E.~M. and {Lueker}, M. and {Mason}, P. and 
{Netterfield}, C.~B. and {Nguyen}, H.~T. and {O'Brient}, R. and 
{Ogburn}, R.~W. and {Orlando}, A. and {Pryke}, C. and {Reintsema}, C.~D. and 
{Richter}, S. and {Schwarz}, R. and {Sheehy}, C.~D. and {Staniszewski}, Z.~K. and 
{Sudiwala}, R.~V. and {Teply}, G.~P. and {Tolan}, J.~E. and 
{Turner}, A.~D. and {Vieregg}, A.~G. and {Wong}, C.~L. and {Yoon}, K.~W.
},
title = "{Detection of B-Mode Polarization at Degree Angular Scales by BICEP2}",
journal = {Physical Review Letters},
archivePrefix = "arXiv",
eprint = {1403.3985},
keywords = {Background radiations, Gravitational wave detectors and experiments, Radio microwave, Observational cosmology},
year = 2014,
month = jun,
volume = 112,
number = 24,
eid = {241101},
pages = {241101},
doi = {10.1103/PhysRevLett.112.241101},
adsurl = {http://adsabs.harvard.edu/abs/2014PhRvL.112x1101B},
adsnote = {Provided by the SAO/NASA Astrophysics Data System}
}

@ARTICLE{cite:PlanckXIX,
author = {{Planck Collaboration} and {Ade}, P.~A.~R. and {Aghanim}, N. and 
{Alina}, D. and {Alves}, M.~I.~R. and {Armitage-Caplan}, C. and 
{Arnaud}, M. and {Arzoumanian}, D. and {Ashdown}, M. and {Atrio-Barandela}, F. and et al.},
title = "{Planck intermediate results. XIX. An overview of the polarized thermal emission from Galactic dust}",
journal = {aap},
archivePrefix = "arXiv",
eprint = {1405.0871},
keywords = {ISM: general, dust, extinction, ISM: magnetic fields, ISM:, clouds, submillimeter: ISM},
year = 2015,
month = apr,
volume = 576,
eid = {A104},
pages = {A104},
doi = {10.1051/0004-6361/201424082},
adsurl = {http://adsabs.harvard.edu/abs/2015A%26A...576A.104P},
adsnote = {Provided by the SAO/NASA Astrophysics Data System}
}


@ARTICLE{cite:BKP,
author = {{BICEP2/Keck and Planck Collaborations} and {Ade}, P.~A.~R. and 
{Aghanim}, N. and {Ahmed}, Z. and {Aikin}, R.~W. and {Alexander}, K.~D. and 
{Arnaud}, M. and {Aumont}, J. and {Baccigalupi}, C. and {Banday}, A.~J. and et al.},
title = "{Joint Analysis of BICEP2/Keck Array and Planck Data}",
journal = {Physical Review Letters},
archivePrefix = "arXiv",
eprint = {1502.00612},
keywords = {Background radiations, Gravitational wave detectors and experiments, Radio microwave, Observational cosmology},
year = 2015,
month = mar,
volume = 114,
number = 10,
eid = {101301},
pages = {101301},
doi = {10.1103/PhysRevLett.114.101301},
adsurl = {http://adsabs.harvard.edu/abs/2015PhRvL.114j1301B},
adsnote = {Provided by the SAO/NASA Astrophysics Data System}
}

@ARTICLE{cite:Bicep1,
author = {{Barkats}, D. and {Aikin}, R. and {Bischoff}, C. and {Buder}, I. and 
{Kaufman}, J.~P. and {Keating}, B.~G. and {Kovac}, J.~M. and 
{Su}, M. and {Ade}, P.~A.~R. and {Battle}, J.~O. and {Bierman}, E.~M. and 
{Bock}, J.~J. and {Chiang}, H.~C. and {Dowell}, C.~D. and {Duband}, L. and 
{Filippini}, J. and {Hivon}, E.~F. and {Holzapfel}, W.~L. and 
{Hristov}, V.~V. and {Jones}, W.~C. and {Kuo}, C.~L. and {Leitch}, E.~M. and 
{Mason}, P.~V. and {Matsumura}, T. and {Nguyen}, H.~T. and {Ponthieu}, N. and 
{Pryke}, C. and {Richter}, S. and {Rocha}, G. and {Sheehy}, C. and 
{Kernasovskiy}, S.~S. and {Takahashi}, Y.~D. and {Tolan}, J.~E. and 
{Yoon}, K.~W.},
title = "{Degree-scale Cosmic Microwave Background Polarization Measurements from Three Years of BICEP1 Data}",
journal = {apj},
archivePrefix = "arXiv",
eprint = {1310.1422},
keywords = {cosmic background radiation, cosmology: observations, gravitational waves, inflation, polarization},
year = 2014,
month = mar,
volume = 783,
eid = {67},
pages = {67},
doi = {10.1088/0004-637X/783/2/67},
adsurl = {http://adsabs.harvard.edu/abs/2014ApJ...783...67B},
adsnote = {Provided by the SAO/NASA Astrophysics Data System}
}


@ARTICLE{cite:PlanckXXII,
author = {{Planck Collaboration} and {Ade}, P.~A.~R. and {Alves}, M.~I.~R. and
	{Aniano}, G. and {Armitage-Caplan}, C. and {Arnaud}, M.  and
	{Atrio-Barandela}, F. and {Aumont}, J. and {Baccigalupi}, C.  and {Banday},
		A.~J. and {Barreiro}, R.~B. and {Battaner}, E. and {Benabed}, K. and
		{Benoit-L{\'e}vy}, A. and {Bernard}, J.-P. and {Bersanelli}, M. and
	{Bielewicz}, P. and {Bock}, J.~J. and {Bond}, J.~R. and {Borrill}, J. and
	{Bouchet}, F.~R. and {Boulanger}, F.  and {Burigana}, C. and {Cardoso},
		J.-F. and {Catalano}, A.  and {Chamballu}, A. and {Chiang}, H.~C. and
		{Colombo}, L.~P.~L. and {Combet}, C. and {Couchot}, F. and {Coulais},
		A.  and {Crill}, B.~P. and {Curto}, A. and {Cuttaia}, F. and {Danese},
		L. and {Davies}, R.~D. and {Davis}, R.~J. and {de Bernardis}, P. and
		{de Zotti}, G. and {Delabrouille}, J. and {D{\'e}sert}, F.-X. and
	{Dickinson}, C. and {Diego}, J.~M. and {Donzelli}, S.  and {Dor{\'e}}, O.
	and {Douspis}, M. and {Dunkley}, J. and {Dupac}, X. and {En{\ss}lin}, T.~A.
		and {Eriksen}, H.~K. and {Falgarone}, E. and {Finelli}, F. and {Forni},
			O. and {Frailis}, M.  and {Fraisse}, A.~A. and {Franceschi}, E. and
			{Galeotta}, S. and {Ganga}, K. and {Ghosh}, T. and {Giard}, M. and
	{Gonz{\'a}lez-Nuevo}, J. and {G{\'o}rski}, K.~M. and {Gregorio}, A.  and
	{Gruppuso}, A. and {Guillet}, V. and {Hansen}, F.~K. and {Harrison}, D.~L.
	and {Helou}, G. and {Hern{\'a}ndez-Monteagudo}, C.  and {Hildebrandt},
		S.~R. and {Hivon}, E. and {Hobson}, M. and {Holmes}, W.~A. and
		{Hornstrup}, A. and {Jaffe}, A.~H. and {Jaffe}, T.~R. and {Jones},
		W.~C. and {Keih{\"a}nen}, E. and {Keskitalo}, R. and {Kisner}, T.~S.
			and {Kneissl}, R. and {Knoche}, J. and {Kunz}, M. and
			{Kurki-Suonio}, H. and {Lagache}, G. and {Lamarre}, J.-M. and
	{Lasenby}, A. and {Lawrence}, C.~R. and {Leahy}, J.~P. and {Leonardi}, R.
	and {Levrier}, F. and {Liguori}, M. and {Lilje}, P.~B. and
	{Linden-V{\o}rnle}, M. and {L{\'o}pez-Caniego}, M. and {Lubin}, P.~M. and
	{Mac{\'{\i}}as-P{\'e}rez}, J.~F. and {Maffei}, B. and {Magalh{\~a}es},
		A.~M. and {Maino}, D. and {Mandolesi}, N. and {Maris}, M. and
		{Marshall}, D.~J. and {Martin}, P.~G. and
	{Mart{\'{\i}}nez-Gonz{\'a}lez}, E. and {Masi}, S. and {Matarrese}, S. and
	{Mazzotta}, P. and {Melchiorri}, A. and {Mendes}, L. and {Mennella}, A. and
	{Migliaccio}, M. and {Miville-Desch{\^e}nes}, M.-A. and {Moneti}, A. and
	{Montier}, L. and {Morgante}, G. and {Mortlock}, D. and {Munshi}, D. and
	{Murphy}, J.~A. and {Naselsky}, P. and {Nati}, F. and {Natoli}, P. and
	{Netterfield}, C.~B. and {Noviello}, F. and {Novikov}, D. and {Novikov}, I.
	and {Oppermann}, N. and {Oxborrow}, C.~A. and {Pagano}, L. and {Pajot}, F.
		and {Paoletti}, D. and {Pasian}, F. and {Perdereau}, O.  and {Perotto},
			L. and {Perrotta}, F. and {Piacentini}, F. and {Pietrobon}, D. and
			{Plaszczynski}, S. and {Pointecouteau}, E. and {Polenta}, G. and
	{Popa}, L. and {Pratt}, G.~W. and {Rachen}, J.~P.  and {Reach}, W.~T. and
	{Reinecke}, M. and {Remazeilles}, M. and {Renault}, C. and {Ricciardi}, S.
	and {Riller}, T. and {Ristorcelli}, I. and {Rocha}, G. and {Rosset}, C. and
	{Roudier}, G.  and {Rubi{\~n}o-Mart{\'{\i}}n}, J.~A. and {Rusholme}, B. and
	{Salerno}, E. and {Sandri}, M. and {Savini}, G. and {Scott}, D. and
	{Spencer}, L.~D. and {Stolyarov}, V. and {Stompor}, R. and {Sudiwala}, R.
	and {Sutton}, D. and {Suur-Uski}, A.-S. and {Sygnet}, J.-F. and {Tauber},
		J.~A. and {Terenzi}, L. and {Toffolatti}, L.  and {Tomasi}, M. and
		{Tristram}, M. and {Tucci}, M. and {Valenziano}, L. and {Valiviita}, J.
	and {Van Tent}, B. and {Vielva}, P. and {Villa}, F. and {Wandelt}, B.~D.
		and {Zacchei}, A.  and {Zonca}, A.},
title = "{Planck intermediate results. XXII. Frequency dependence of thermal emission from Galactic dust in intensity and polarization}",
journal = {aap},
archivePrefix = "arXiv",
eprint = {1405.0874},
keywords = {polarization, ISM: general, Galaxy: general, radiation mechanisms: general, submillimeter: ISM, infrared: ISM, radiation, mechanisms: general},
year = 2015,
month = apr,
volume = 576,
eid = {A107},
pages = {A107},
doi = {10.1051/0004-6361/201424088},
adsurl = {http://adsabs.harvard.edu/abs/2015A%26A...576A.107P},
adsnote = {Provided by the SAO/NASA Astrophysics Data System}
}

